@book{Thrun:2005:PR,
 author = {Thrun, Sebastian and Burgard, Wolfram and Fox, Dieter},
 title = {Probabilistic Robotics},
 year = {2005},
 isbn = {0262201623},
 publisher = {MIT Press},
} 

@MISC{wyrobek10,
author = {Keenan Wyrobek},
title = {The {PR1} Robot Tidies up a Room},
month = may,
year = {2010},
url = {personalrobotics.stanford.edu}
}

@INPROCEEDINGS{4543527, 
author={Wyrobek, K.A. and Berger, E.H. and Van der Loos, H.F.M. and Salisbury, J.K.}, 
booktitle={Robotics and Automation, 2008. ICRA 2008. IEEE International Conference on}, 
title={Towards a personal robotics development platform: Rationale and design of an intrinsically safe personal robot}, 
year={2008}, 
month={May}, 
pages={2165-2170}, 
keywords={man-machine systems;manipulators;mobile robots;safety;backdrivable joints;design safety;human safety;mechanical impedance;mobile 2-armed system;performance evaluation;personal robotics;physical capability;system identification;Force control;Human robot interaction;Humanoid robots;ISO standards;Orbital robotics;Payloads;Rehabilitation robotics;Robotics and automation;Service robots;Software safety}, 
doi={10.1109/ROBOT.2008.4543527}, 
ISSN={1050-4729},}

@book{SuttonBarto:98,
  added-at = {2008-10-07T16:03:39.000+0200},
  author = {Sutton, R. and Barto, A.},
  publisher = {MIT Press},
  timestamp = {2008-10-07T16:03:39.000+0200},
  title = {Reinforcement Learning: An Introduction},
  year = 1998
}

@book{murphy2000introduction,
  title={Introduction to AI Robotics},
  author={Murphy, R.},
  isbn={9780262133838},
  lccn={00033251},
  series={A Bradford book},
  year={2000},
  publisher={MIT Press}
}

@misc{davide09,
  Author = {Davide Scaramuzza},
  Institution = {Swiss Federal Institute of Technology},
  Howpublished = {Lecture Note from the Swiss Federal Institute of Technology},
  Year = {2009},
  Title = {Lecture Notes on Probabilistic Map Based Robot Localization: Markov Localization}
}
