@book{Thrun:2005:PR,
 author = {Thrun, Sebastian and Burgard, Wolfram and Fox, Dieter},
 title = {Probabilistic Robotics},
 year = {2005},
 isbn = {0262201623},
 publisher = {MIT Press},
} 

@ARTICLE{4141037, 
author={Garcia, E. and Jimenez, M.A. and De Santos, P.G. and Armada, M.}, 
journal={Robotics Automation Magazine, IEEE}, 
title={The evolution of robotics research}, 
year={2007}, 
month={March}, 
volume={14}, 
number={1}, 
pages={90-103}, 
keywords={humanoid robots;industrial robots;intelligent control;medical robotics;mobile robots;motion control;service robots;underwater vehicles;construction robotics;field robotics;humanoid robotics;industrial robotics;intelligent control;medical robotics;mobile robotics;motion control;rehabilitation robotics;service robotics;underwater robotics;Construction industry;Human robot interaction;Humanoid robots;Industrial control;Intelligent robots;Medical robotics;Mobile robots;Motion control;Rehabilitation robotics;Service robots}, 
doi={10.1109/MRA.2007.339608}, 
ISSN={1070-9932},}
