@book{Thrun:2005:PR,
 author = {Thrun, Sebastian and Burgard, Wolfram and Fox, Dieter},
 title = {Probabilistic Robotics},
 year = {2005},
 isbn = {0262201623},
 publisher = {MIT Press},
} 

@INPROCEEDINGS{1389783, 
author={Dejun Wang and Jiali Zhao and Kee, Seokcheol}, 
booktitle={Intelligent Robots and Systems, 2004. (IROS 2004). Proceedings. 2004 IEEE/RSJ International Conference on}, 
title={A novel heat kernel based Monte Carlo localization algorithm}, 
year={2004}, 
month={Sept}, 
volume={3}, 
pages={2494-2499 vol.3}, 
keywords={Monte Carlo methods;mobile robots;path planning;perturbation techniques;simulated annealing;Monte Carlo localization algorithm;heat kernel based perturbation;real-time global localization;simulated annealing algorithm;Cost function;Human computer interaction;Indoor environments;Kernel;Monte Carlo methods;Poles and towers;Simulated annealing;Sonar;Temperature sensors;Working environment noise}, 
doi={10.1109/IROS.2004.1389783},}

@INPROCEEDINGS{5354298, 
author={Lei Zhang and Zapata, R. and Lepinay, P.}, 
booktitle={Intelligent Robots and Systems, 2009. IROS 2009. IEEE/RSJ International Conference on}, 
title={Self-adaptive Monte Carlo localization for mobile robots using range sensors}, 
year={2009}, 
month={Oct}, 
pages={1541-1546}, 
keywords={Monte Carlo methods;adaptive control;mobile robots;self-adjusting systems;SAMCL;mobile robots;range sensors;self-adaptive Monte Carlo localization;similar energy region;Intelligent robots;Intelligent sensors;Mobile robots;Monte Carlo methods;Orbital robotics;Particle measurements;Robot kinematics;Robot sensing systems;Sampling methods;USA Councils}, 
doi={10.1109/IROS.2009.5354298},}

@INPROCEEDINGS{4650711, 
author={Pfaff, P. and Stachniss, C. and Plagemann, C. and Burgard, W.}, 
booktitle={Intelligent Robots and Systems, 2008. IROS 2008. IEEE/RSJ International Conference on}, 
title={Efficiently learning high-dimensional observation models for Monte-Carlo localization using Gaussian mixtures}, 
year={2008}, 
month={Sept}, 
pages={3539-3544}, 
keywords={Gaussian processes;Monte Carlo methods;mobile robots;position control;principal component analysis;Gaussian mixture;Monte-Carlo localization;dimensionality reduction;high-dimensional observation model;mobile robot;place-dependent sensor model;principle component analysis;robot position;Computational modeling;Laser beams;Laser modes;Measurement by laser beam;Probabilistic logic;Robot sensing systems;Robots}, 
doi={10.1109/IROS.2008.4650711},}

@INPROCEEDINGS{5509950, 
author={MuÌˆller, J. and Gonsior, C. and Burgard, W.}, 
booktitle={Robotics and Automation (ICRA), 2010 IEEE International Conference on}, 
title={Improved Monte Carlo localization of autonomous robots through simultaneous estimation of motion model parameters}, 
year={2010}, 
month={May}, 
pages={2604-2609}, 
keywords={Monte Carlo methods;aerospace robotics;lightweight structures;mobile robots;motion estimation;path planning;robot kinematics;Monte Carlo localization;autonomous navigation;autonomous robots;flying vehicle;lightweight flying robot;lightweight sensors;motion estimation;motion model parameter;random sampling;robot kinematics;self-localization flying robot;Context modeling;Kinematics;Land vehicles;Monte Carlo methods;Motion estimation;Navigation;Payloads;Remotely operated vehicles;Robot sensing systems;Uncertainty}, 
doi={10.1109/ROBOT.2010.5509950}, 
ISSN={1050-4729},}

@INPROCEEDINGS{6696380, 
author={Saarinen, J. and Andreasson, H. and Stoyanov, T. and Lilienthal, A.J.}, 
booktitle={Intelligent Robots and Systems (IROS), 2013 IEEE/RSJ International Conference on}, 
title={Normal distributions transform Monte-Carlo localization (NDT-MCL)}, 
year={2013}, 
month={Nov}, 
pages={382-389}, 
keywords={Monte Carlo methods;automatic guided vehicles;closed loop systems;industrial robots;mobile robots;normal distribution;path planning;position control;transforms;AGV platform;Industrial applications;NDT-MCL algorithm;autonomous vehicle systems;grid-map models;high-cost infrastructure based positioning solutions;industrial automatically guided vehicle systems;map based localization method;mobile robotic systems;normal distributions transform Monte-Carlo localization;offline data sets;piecewise continuous NDT representation utilization;precision requirements;probabilistic framework;repeatability requirements;Accuracy;Atmospheric measurements;Computational modeling;Gaussian distribution;Particle measurements;Trajectory;Vehicles}, 
doi={10.1109/IROS.2013.6696380}, 
ISSN={2153-0858},}

@INPROCEEDINGS{6094843, 
author={Yu Fu and Tully, S. and Kantor, G. and Choset, H.}, 
booktitle={Intelligent Robots and Systems (IROS), 2011 IEEE/RSJ International Conference on}, 
title={Monte Carlo Localization using 3D texture maps}, 
year={2011}, 
month={Sept}, 
pages={482-487}, 
keywords={Monte Carlo methods;cameras;distance measurement;image texture;mobile robots;robot vision;3D texture map;KLD-based Monte Carlo localization;SIFT-based MCL;colored texture information;distance measurement;indoor environment;mobile robot;omnidirectional camera;robot pose hypothesis;Atmospheric measurements;Cameras;Particle measurements;Robot sensing systems;Three dimensional displays}, 
doi={10.1109/IROS.2011.6094843}, 
ISSN={2153-0858},}

@INPROCEEDINGS{4059089, 
author={Tae-Bum Kwon and Ju-Ho Yang and Jae-Bok Song and Woojin Chung}, 
booktitle={Intelligent Robots and Systems, 2006 IEEE/RSJ International Conference on}, 
title={Efficiency Improvement in Monte Carlo Localization through Topological Information}, 
year={2006}, 
month={Oct}, 
pages={424-429}, 
keywords={Monte Carlo methods;mobile robots;path planning;position control;Monte Carlo localization;local topological map;mobile robot;pose estimation;thinning algorithm;topological information;Convergence;Grid computing;Intelligent robots;Large-scale systems;Mechanical engineering;Mobile robots;Monte Carlo methods;Navigation;Particle filters;Tracking;Monte Carlo localization;Particle filters;Topological information}, 
doi={10.1109/IROS.2006.281962},}
